@article{1980Andersen,
author = {Andersen, Hans C.},
doi = {10.1063/1.439486},
journal = {The Journal of Chemical Physics},
number = {4},
pages = {2384--2393},
title = {{Molecular dynamics simulations at constant pressure and/or temperature}},
volume = {72},
year = {1980}
}


@article{1984Nose1,
author = {Nos{\'{e}}, Shuichi},
chapter = {255},
doi = {10.1080/00268978400101201},
isbn = {0026-8976 1362-3028},
issn = {0026-8976},
journal = {Molecular Physics},
number = {2},
pages = {255--268},
title = {{A molecular dynamics method for simulations in the canonical ensemble}},
url = {http://www.tandfonline.com/doi/abs/10.1080/00268978400101201},
volume = {52},
year = {1984}
}


@article{1984Nose2,
author = {Nos{\'{e}}, Shuichi},
doi = {10.1063/1.447334},
journal = {The Journal of Chemical Physics},
number = {1},
pages = {511--519},
title = {{A unified formulation of the constant temperature molecular dynamics methods}},
url = {http://aip.scitation.org/doi/10.1063/1.447334},
volume = {81},
year = {1984}
}


@article{1985Hoover,
author = {Hoover, William G},
chapter = {1695},
doi = {10.1103/PhysRevA.31.1695},
journal = {Physical Review A},
keywords = {Method: MD},
mendeley-tags = {Method: MD},
number = {3},
pages = {1695--1697},
title = {{Canonical dynamics: Equilibrium phase-space distributions}},
volume = {31},
year = {1985}
}


@article{1992Martyna,
author = {Martyna, Glenn J. and Klein, Michael L. and Tuckerman, Mark},
doi = {10.1063/1.463940},
journal = {The Journal of Chemical Physics},
number = {4},
pages = {2635--2643},
title = {{Nos{\'{e}}-Hoover chains: The canonical ensemble via continuous dynamics}},
volume = {97},
year = {1992}
}


@article{1992Tuckerman,
author = {Tuckerman, M. and Berne, B. J. and Martyna, G. J.},
doi = {10.1063/1.463137},
journal = {The Journal of Chemical Physics},
number = {3},
pages = {1990--2001},
title = {{Reversible multiple time scale molecular dynamics}},
volume = {97},
year = {1992}
}

@article{Cho1993,
author = {Cho, K. and Joannopoulos, J. D. and Kleinman, Leonard},
doi = {10.1103/PhysRevE.47.3145},
file = {:Users/masataka/Documents/Mendeley Desktop/1993 - Cho, Joannopoulos, Kleinman - Physical Review E.pdf:pdf},
issn = {1063651X},
journal = {Physical Review E},
keywords = {0260Cb,0270Ns,number(s): 0520 Gg},
month = {may},
number = {5},
pages = {3145--3151},
publisher = {American Physical Society},
title = {{Constant-temperature molecular dynamics with momentum conservation}},
url = {https://journals.aps.org/pre/abstract/10.1103/PhysRevE.47.3145},
volume = {47},
year = {1993}
}


@article{1994Martyna,
author = {Martyna, Glenn J. and Tobias, Douglas J. and Klein, Michael L.},
doi = {10.1063/1.467468},
journal = {The Journal of Chemical Physics},
keywords = {LAMMPS,Simulation: MD algorithms,Simulation: NPT ensemble},
mendeley-tags = {LAMMPS,Simulation: MD algorithms,Simulation: NPT ensemble},
number = {5},
pages = {4177--4189},
title = {{Constant pressure molecular dynamics algorithms}},
volume = {101},
year = {1994}
}


@article{1996Martyna,
author = {Martyna, Glenn J. and Tuckerman, Mark E. and Tobias, Douglas J. and Klein, Michael L.},
doi = {10.1080/00268979600100761},
journal = {Molecular Physics},
number = {5},
pages = {1117--1157},
title = {{Explicit reversible integrators for extended systems dynamics}},
volume = {87},
year = {1996}
}


@article{Bond1999,
author = {Bond, Stephen D and Leimkuhler, Benedict J and Laird, Brian B},
chapter = {114},
doi = {10.1006/jcph.1998.6171},
file = {:Users/masataka/Documents/Mendeley Desktop//1985 - Smith, Bursill, Wood - Ultramicroscopy.pdf:pdf},
isbn = {00219991},
journal = {Journal of Computational Physics},
number = {1},
pages = {114--134},
title = {{The Nos{\'{e}}–Poincar{\'{e}} Method for Constant Temperature Molecular Dynamics}},
volume = {151},
year = {1999}
}

@article{Nose2001,
author = {Nos{\'{e}}, Shuichi},
doi = {10.1143/JPSJ.70.75},
issn = {00319015},
journal = {Journal of the Physical Society of Japan},
keywords = {Constant temperature molecular dynamics method,Molecular dynamics simulations,Nos{\'{e}}-Hoover thermostat,Nos{\'{e}}-Poincar{\'{e}},Symplectic integrator,Thermostat},
number = {1},
pages = {75--77},
title = {{An improved symplectic integrator for Nos{\'{e}}-Poincar{\'{e}} thermostat}},
volume = {70},
year = {2001}
}

# Nose-Poincare-Andersen
@article{Sturgeon2000,
author = {Sturgeon, Jess B. and Laird, Brian B.},
doi = {10.1063/1.480502},
journal = {Journal of Chemical Physics},
number = {8},
pages = {3474--3482},
primaryClass = {physics},
title = {{Symplectic algorithm for constant-pressure molecular dynamics using a Nos{\'{e}}-Poincar{\'{e}} thermostat}},
volume = {112},
year = {2000}
}

@book{Okazaki2011,
  author         = {岡崎進, 吉井範行},
  title          = {コンピュータ・シミュレーションの基礎(第2版)},
  publisher      = {科学同人},
  year           = {2011}
}