@book{1978Toda,
   author = {戸田盛和 and 斎藤信彦 and 久保亮五 and 橋爪夏樹},
   title = {現在物理学の基礎5 統計物理学},
   publisher = {岩波書店},
   year = {1979},
   type = {Book}
}

@book{1998Kubo,
   author = {久保亮五},
   title = {大学演習 熱学・統計力学},
   publisher = {裳華房},
   year = {1998},
   type = {Book}
}


@book{Goldstein1,
   author = {H. Goldstein and C. Poole and J. Safko},
   title = {古典力学(上) 原著第3版},
   publisher = {吉岡書店},
   year = {2006},
   type = {Book}
}


@book{Goldstein2,
   author = {H. Goldstein and C. Poole and J. Safko},
   title = {古典力学(下) 原著第3版},
   publisher = {吉岡書店},
   year = {2009},
   type = {Book}
}

@book{Tuckerman,
   author = {Mark E. Tuckerman},
   title = {Statistical Mechanics: Theory and Molecular Simulation},
   publisher = {OXFORD UNIVERSITY PRESS},
   year = {2010},
   type = {Book}
}