@article{1994Martyna,
author = {Martyna, Glenn J. and Tobias, Douglas J. and Klein, Michael L.},
doi = {10.1063/1.467468},
journal = {The Journal of Chemical Physics},
keywords = {LAMMPS,Simulation: MD algorithms,Simulation: NPT ensemble},
mendeley-tags = {LAMMPS,Simulation: MD algorithms,Simulation: NPT ensemble},
number = {5},
pages = {4177--4189},
title = {{Constant pressure molecular dynamics algorithms}},
volume = {101},
year = {1994}
}
