@article{1980Andersen,
author = {Andersen, Hans C.},
doi = {10.1063/1.439486},
journal = {The Journal of Chemical Physics},
number = {4},
pages = {2384--2393},
title = {{Molecular dynamics simulations at constant pressure and/or temperature}},
volume = {72},
year = {1980}
}
