@book{Goldstein1,
   author = {H. Goldstein and C. Poole and J. Safko},
   title = {古典力学(上) 原著第3版},
   publisher = {吉岡書店},
   year = {2006},
   type = {Book}
}

@book{Goldstein2,
   author = {H. Goldstein and C. Poole and J. Safko},
   title = {古典力学(下) 原著第3版},
   publisher = {吉岡書店},
   year = {2009},
   type = {Book}
}

@book{1986LandauLifshitz,
   author = {L. D. Landau and E. B. Lifshitz},
   title = {力学 (増訂第3版)},
   publisher = {東京図書},
   year = {1986},
   type = {Book}
}

@book{1959Yamauchi,
   author = {山内恭彦},
   title = {一般力学 (増訂第3版)},
   publisher = {岩波書店},
   year = {1959},
   type = {Book}
}

@book{2014Hata,
   author = {畑浩之},
   title = {基幹講座物理学 解析力学},
   publisher = {東京図書},
   year = {2014},
   type = {Book}
}


@book{1998Yamamoto1,
   author = {山本義隆 and 中村孔一},
   title = {朝倉物理学大系 解析力学I},
   publisher = {朝倉書店},
   year = {1998},
   type = {Book}
}


@book{1998Yamamoto2,
   author = {山本義隆 and 中村孔一},
   title = {朝倉物理学大系 解析力学II},
   publisher = {朝倉書店},
   year = {1998},
   type = {Book}
}

@book{2010Tuckerman,
   author = {Mark E. Tuckerman},
   title = {Statistical Mechanics: Theory and Molecular Simulation},
   publisher = {Oxford University Press},
   year = {2010},
   type = {Book}
}


@book{2010Hoover,
   author = {Wm. G. Hoover},
   title = {計算統計力学},
   publisher = {森北出版},
   year = {2010},
   type = {Book}
}