@article{Darden1993,
   author  = {Darden, T. and York, D. and Pedersen, L.},
   title   = {Particle mesh Ewald: An N$\cdot$log(N) method for Ewald sums in large systems},
   journal = {Journal of Chemical Physics},
   volume  = {98},
   number  = {12},
   pages   = {10089-10092},
   ISSN    = {0021-9606},
   DOI     = {Doi 10.1063/1.464397},
   url     = {<Go to ISI>://WOS:A1993LG10100091},
   year    = {1993},
   type    = {Journal Article}
}

@article{Essmann1995,
   author = {Essmann, U. and Perera, L. and Berkowitz, M. L. and Darden, T. and Lee, H. and Pedersen, L. G.},
   title = {A smooth particle mesh Ewald method},
   journal = {Journal of Chemical Physics},
   volume = {103},
   number = {19},
   pages = {8577-8593},
   ISSN = {0021-9606},
   DOI = {Doi 10.1063/1.470117},
   url = {<Go to ISI>://WOS:A1995TE36400026},
   year = {1995},
   type = {Journal Article}
}

@book{Okazaki2000,
   author = {岡崎進 and 吉井範行},
   title = {コンピュータ・シミュレーションの基礎 第2版: 分子のミクロな性質を解明するために},
   publisher = {科学同人},
   year = {2000},
   type = {Book}
}

@book{Ueda2003,
   author = {上田顯},
   title = {分子シミュレーション: 古典系から量子系の手法まで},
   publisher = {裳華房},
   year = {2003},
   type = {Book}
}
