@article{Kabsch1983,
   author = {Kabsch, W. and Sander, C.},
   title = {Dictionary of protein secondary structure: pattern recognition of hydrogen-bonded and geometrical features},
   journal = {Biopolymers},
   volume = {22},
   number = {12},
   pages = {2577-637},
   ISSN = {0006-3525 (Print)
0006-3525 (Linking)},
   DOI = {10.1002/bip.360221211},
   url = {https://www.ncbi.nlm.nih.gov/pubmed/6667333},
   year = {1983},
   type = {Journal Article}
}
