@article{Besler1990,
author = {Besler, Brent H. and Merz, Kenneth M. and Kollman, Peter A.},
doi = {10.1002/jcc.540110404},
issn = {0192-8651},
journal = {Journal of Computational Chemistry},
month = {may},
number = {4},
pages = {431--439},
title = {{Atomic charges derived from semiempirical methods}},
url = {http://doi.wiley.com/10.1002/jcc.540110404},
volume = {11},
year = {1990}
}

@article{Bayly1993,
author = {Bayly, Christopher I. and Cieplak, Piotr and Cornell, Wendy and Kollman, Peter A.},
doi = {10.1021/j100142a004},
issn = {0022-3654},
journal = {The Journal of Physical Chemistry},
month = {oct},
number = {40},
pages = {10269--10280},
title = {{A well-behaved electrostatic potential based method using charge restraints for deriving atomic charges: the RESP model}},
url = {https://pubs.acs.org/doi/abs/10.1021/j100142a004},
volume = {97},
year = {1993}
}

@article{Terakawa2014,
author = {Terakawa, Tsuyoshi and Takada, Shoji},
doi = {10.1021/ct4007162},
issn = {1549-9618},
journal = {Journal of Chemical Theory and Computation},
month = {feb},
number = {2},
pages = {711--721},
title = {{RESPAC: Method to Determine Partial Charges in Coarse-Grained Protein Model and Its Application to DNA-Binding Proteins}},
url = {https://pubs.acs.org/doi/10.1021/ct4007162},
volume = {10},
year = {2014}
}
