@article{1983Brooks,
   author = {Brooks, B. R. and Bruccoleri, R. E. and Olafson, B. D. and States, D. J. and Swaminathan, S. and Karplus, M.},
   title = {CHARMM: A Program for Macromolecular Energy, Minimization, and Dynamics Calculations},
   journal = {J Comput Chem},
   volume = {4},
   number = {2},
   pages = {187-217},
   ISSN = {0192-8651},
   DOI = {DOI 10.1002/jcc.540040211},
   url = {<Go to ISI>://WOS:A1983QP42300010},
   year = {1983},
   type = {Journal Article}
}


@article{1988Jorgensen,
   author = {Jorgensen, W. L. and Tirado-Rives, J.},
   title = {The OPLS [optimized potentials for liquid simulations] potential functions for proteins, energy minimizations for crystals of cyclic peptides and crambin},
   journal = {J Am Chem Soc},
   volume = {110},
   number = {6},
   pages = {1657-66},
   ISSN = {0002-7863 (Print)
0002-7863 (Linking)},
   DOI = {10.1021/ja00214a001},
   url = {https://www.ncbi.nlm.nih.gov/pubmed/27557051},
   year = {1988},
   type = {Journal Article}
}


@article{1995Cornell,
   author = {Cornell, Wendy D. and Cieplak, Piotr and Bayly, Christopher I. and Ian R. Gould and Kenneth M. Merz, Jr. and Ferguson, David M. and Spellmeyer, David C. and Fox, Thomas and Caldwell, ames W. and Kollman, Peter A.},
   title = {A second generation force field for the simulation of proteins, nucleic acids, and organic molecules},
   journal = {J Am Chem Soc},
   volume = {117},
   pages = {5179-5197},
   year = {1995},
   type = {Journal Article}
}


@article{2014Cisneros,
   author = {Cisneros, G. A. and Karttunen, M. and Ren, P. and Sagui, C.},
   title = {Classical electrostatics for biomolecular simulations},
   journal = {Chem Rev},
   volume = {114},
   number = {1},
   pages = {779-814},
   ISSN = {1520-6890 (Electronic)
0009-2665 (Linking)},
   DOI = {10.1021/cr300461d},
   url = {https://www.ncbi.nlm.nih.gov/pubmed/23981057},
   year = {2014},
   type = {Journal Article}
}
