@article{Ferrenberg1988,
author = {Ferrenberg, Alan M and Swendsen, Robert H},
chapter = {1658},
doi = {10.1103/PhysRevLett.61.2635},
isbn = {0031-9007},
issn = {0031-9007},
journal = {Physical Review Letters},
month = {dec},
number = {23},
pages = {2635--2638},
title = {{New Monte Carlo technique for studying phase transitions}},
url = {https://link.aps.org/doi/10.1103/PhysRevLett.61.2635},
volume = {61},
year = {1988}
}
@article{Ferrenberg1989,
author = {Ferrenberg, Alan M. and Swendsen, Robert H.},
doi = {10.1103/PhysRevLett.63.1658.2},
issn = {00319007},
journal = {Physical Review Letters},
number = {15},
pages = {1658},
title = {{Erratum: New Monte carlo technique for studying phase transitions (Physical Review Letters (1989) 63, 15 (1658))}},
volume = {63},
year = {1989}
}

@article{Janke2002,
author = {Janke, Wolfhard},
isbn = {3-00-009057-6},
journal = {Quantum Simulations of Complex Many-Body Systems: From Theory to Algorithms},
pages = {423--445},
title = {{Statistical Analysis of Simulations: Data Correlations and Error Estimation}},
url = {http://www2.mpip-mainz.mpg.de/{~}andrienk/teaching/simulations{\_}beginners/literature/janke{\_}errors.pdf},
volume = {10},
year = {2002}
}

@article{Ferrenberg1989b,
author = {Ferrenberg, Alan M. and Swendsen, Robert H.},
doi = {10.1103/PhysRevLett.63.1195},
issn = {0031-9007},
journal = {Physical Review Letters},
month = {sep},
number = {12},
pages = {1195--1198},
title = {{Optimized Monte Carlo data analysis}},
url = {https://link.aps.org/doi/10.1103/PhysRevLett.63.1195},
volume = {63},
year = {1989}
}


@article{Kumar1992,
author = {Kumar, Shankar and Rosenberg, John M. and Bouzida, Djamal and Swendsen, Robert H. and Kollman, Peter A.},
doi = {10.1002/jcc.540130812},
issn = {0192-8651},
journal = {Journal of Computational Chemistry},
month = {oct},
number = {8},
pages = {1011--1021},
title = {{The weighted histogram analysis method for free-energy calculations on biomolecules. I. The method}},
url = {http://doi.wiley.com/10.1002/jcc.540130812},
volume = {13},
year = {1992}
}


@article{Chodera2007,
author = {Chodera, John D and Swope, William C and Pitera, Jed W and Seok, Chaok and Dill, Ken A},
doi = {10.1021/ct0502864},
issn = {1549-9618},
journal = {Journal of Chemical Theory and Computation},
month = {jan},
number = {1},
pages = {26--41},
title = {{Use of the Weighted Histogram Analysis Method for the Analysis of Simulated and Parallel Tempering Simulations}},
url = {https://pubs.acs.org/doi/10.1021/ct0502864},
volume = {3},
year = {2007}
}


@article{Berg2003,
author = {Berg, Bernd A},
doi = {10.1016/S0010-4655(03)00245-5},
issn = {00104655},
journal = {Computer Physics Communications},
month = {jul},
number = {3},
pages = {397--406},
title = {{Multicanonical simulations step by step}},
url = {https://linkinghub.elsevier.com/retrieve/pii/S0010465503002455},
volume = {153},
year = {2003}
}