@article{1977Ryckaert,
author = {Ryckaert, Jean-Paul and Ciccotti, Giovanni and Berendsen, Herman J.C.},
doi = {10.1016/0021-9991(77)90098-5},
issn = {00219991},
journal = {Journal of Computational Physics},
month = {mar},
number = {3},
pages = {327--341},
title = {{Numerical integration of the cartesian equations of motion of a system with constraints: molecular dynamics of n-alkanes}},
url = {https://linkinghub.elsevier.com/retrieve/pii/0021999177900985},
volume = {23},
year = {1977}
}

@article{1980Andersen,
author = {Andersen, Hans C.},
doi = {10.1063/1.439486},
issn = {0021-9606},
journal = {The Journal of Chemical Physics},
keywords = {Method: MD},
mendeley-tags = {Method: MD},
month = {feb},
number = {4},
pages = {2384--2393},
title = {{Molecular dynamics simulations at constant pressure and/or temperature}},
url = {http://aip.scitation.org/doi/10.1063/1.439486},
volume = {72},
year = {1980}
}


@article{1983Andersen,
author = {Andersen, Hans C.},
doi = {10.1016/0021-9991(83)90014-1},
issn = {00219991},
journal = {Journal of Computational Physics},
month = {oct},
number = {1},
pages = {24--34},
title = {{Rattle: A “velocity” version of the shake algorithm for molecular dynamics calculations}},
url = {https://linkinghub.elsevier.com/retrieve/pii/0021999183900141},
volume = {52},
year = {1983}
}

@article{Nose1991,
author = {Nos{\'{e}}, Shuichi},
journal = {Progress of Theoretical Physics Supplement},
number = {103},
pages = {1--46},
title = {{Constant Temperature Molecular Dynamics Methods Limitations in simulations in the microcanonical ensemble}},
year = {1991}
}

@article{Zhang1997,
author = {Zhang, Fei},
doi = {10.1063/1.473273},
issn = {0021-9606},
journal = {The Journal of Chemical Physics},
month = {apr},
number = {14},
pages = {6102--6106},
title = {{Operator-splitting integrators for constant-temperature molecular dynamics}},
url = {http://aip.scitation.org/doi/10.1063/1.473273},
volume = {106},
year = {1997}
}



@article{2001Krautler,
author = {Kr{\"{a}}utler, Vincent and {Van Gunsteren}, Wilfred F. and H{\"{u}}nenberger, Philippe H.},
doi = {10.1002/1096-987X(20010415)22:5<501::AID-JCC1021>3.0.CO;2-V},
issn = {0192-8651},
journal = {Journal of Computational Chemistry},
month = {apr},
number = {5},
pages = {501--508},
publisher = {John Wiley {\&} Sons, Ltd},
title = {{A fast SHAKE algorithm to solve distance constraint equations for small molecules in molecular dynamics simulations}},
url = {https://onlinelibrary.wiley.com/doi/full/10.1002/1096-987X{\%}2820010415{\%}2922{\%}3A5{\%}3C501{\%}3A{\%}3AAID-JCC1021{\%}3E3.0.CO{\%}3B2-V https://onlinelibrary.wiley.com/doi/abs/10.1002/1096-987X{\%}2820010415{\%}2922{\%}3A5{\%}3C501{\%}3A{\%}3AAID-JCC1021{\%}3E3.0.CO{\%}3B2-V https://onlinelibrary.},
volume = {22},
year = {2001}
}
