%
% マルチカノニカル法
%
@article{Berg1991,
author = {Berg, Bernd A and Neuhaus, Thomas},
chapter = {249},
doi = {10.1016/0370-2693(91)91256-U},
isbn = {03702693},
issn = {03702693},
journal = {Physics Letters B},
month = {sep},
number = {2},
pages = {249--253},
title = {{Multicanonical algorithms for first order phase transitions}},
url = {https://linkinghub.elsevier.com/retrieve/pii/037026939191256U},
volume = {267},
year = {1991}
}

@article{Berg1992a,
author = {Berg, Bernd A. and Neuhaus, Thomas},
doi = {10.1103/PhysRevLett.68.9},
issn = {0031-9007},
journal = {Physical Review Letters},
month = {jan},
number = {1},
pages = {9--12},
title = {{Multicanonical ensemble: A new approach to simulate first-order phase transitions}},
url = {https://link.aps.org/doi/10.1103/PhysRevLett.68.9},
volume = {68},
year = {1992}
}

@article{Hansmann1996,
author = {Hansmann, Ulrich H.E. and Okamoto, Yuko and Eisenmenger, Frank},
doi = {10.1016/0009-2614(96)00761-0},
file = {:Users/masataka/Documents/Mendeley Desktop/1996 - Hansmann, Okamoto, Eisenmenger - Chemical Physics Letters.pdf:pdf},
issn = {00092614},
journal = {Chemical Physics Letters},
month = {sep},
number = {3-4},
pages = {321--330},
title = {{Molecular dynamics, Langevin and hydrid Monte Carlo simulations in a multicanonical ensemble}},
url = {https://linkinghub.elsevier.com/retrieve/pii/0009261496007610},
volume = {259},
year = {1996}
}

@article{Nakajima1997,
author = {Nakajima, Nobuyuki and Nakamura, Haruki and Kidera, Akinori},
doi = {10.1021/jp962142e},
issn = {1520-6106},
journal = {The Journal of Physical Chemistry B},
month = {jan},
number = {5},
pages = {817--824},
title = {{Multicanonical Ensemble Generated by Molecular Dynamics Simulation for Enhanced Conformational Sampling of Peptides}},
url = {https://pubs.acs.org/doi/10.1021/jp962142e},
volume = {101},
year = {1997}
}

@article{Ferrenberg1988,
author = {Ferrenberg, Alan M and Swendsen, Robert H},
chapter = {1658},
doi = {10.1103/PhysRevLett.61.2635},
isbn = {0031-9007},
issn = {0031-9007},
journal = {Physical Review Letters},
month = {dec},
number = {23},
pages = {2635--2638},
title = {{New Monte Carlo technique for studying phase transitions}},
url = {https://link.aps.org/doi/10.1103/PhysRevLett.61.2635},
volume = {61},
year = {1988}
}

%
% レプリカ交換法・レプリカ置換法
%
@article{Sugita1999,
author = {Sugita, Yuji and Okamoto, Yuko},
doi = {10.1016/S0009-2614(99)01123-9},
file = {:Users/masataka/Documents/Mendeley Desktop/1999 - Sugita, Okamoto - Chemical Physics Letters.pdf:pdf},
issn = {00092614},
journal = {Chemical Physics Letters},
keywords = {Target: Simulation: Generalized-ensemble Method},
mendeley-tags = {Target: Simulation: Generalized-ensemble Method},
month = {nov},
number = {1-2},
pages = {141--151},
title = {{Replica-exchange molecular dynamics method for protein folding}},
url = {https://linkinghub.elsevier.com/retrieve/pii/S0009261499011239},
volume = {314},
year = {1999}
}

@article{Itoh2013JCTC,
author = {Itoh, Satoru G and Okumura, Hisashi},
doi = {10.1021/ct3007919},
edition = {2013/01/08},
issn = {1549-9618},
journal = {Journal of Chemical Theory and Computation},
keywords = {Target: Simulation: Generalized-ensemble Method},
mendeley-tags = {Target: Simulation: Generalized-ensemble Method},
month = {jan},
number = {1},
pages = {570--581},
title = {{Replica-Permutation Method with the Suwa–Todo Algorithm beyond the Replica-Exchange Method}},
url = {https://pubs.acs.org/doi/10.1021/ct3007919},
volume = {9},
year = {2013}
}

@article{Yamauchi2019,
author = {Yamauchi, Masataka and Okumura, Hisashi},
doi = {10.1002/jcc.26030},
issn = {0192-8651},
journal = {Journal of Computational Chemistry},
mendeley-tags = {Program: GEMB},
month = {dec},
number = {31},
pages = {2694--2711},
title = {{Replica sub‐permutation method for molecular dynamics and monte carlo simulations}},
url = {https://onlinelibrary.wiley.com/doi/abs/10.1002/jcc.26030},
volume = {40},
year = {2019}
}
