@article{1984Nose1,
author = {Nos{\'{e}}, Shuichi},
chapter = {255},
doi = {10.1080/00268978400101201},
isbn = {0026-8976 1362-3028},
issn = {0026-8976},
journal = {Molecular Physics},
number = {2},
pages = {255--268},
title = {{A molecular dynamics method for simulations in the canonical ensemble}},
url = {http://www.tandfonline.com/doi/abs/10.1080/00268978400101201},
volume = {52},
year = {1984}
}


@article{1984Nose2,
author = {Nos{\'{e}}, Shuichi},
doi = {10.1063/1.447334},
journal = {The Journal of Chemical Physics},
number = {1},
pages = {511--519},
title = {{A unified formulation of the constant temperature molecular dynamics methods}},
url = {http://aip.scitation.org/doi/10.1063/1.447334},
volume = {81},
year = {1984}
}


@article{1985Hoover,
author = {Hoover, William G},
chapter = {1695},
doi = {10.1103/PhysRevA.31.1695},
journal = {Physical Review A},
keywords = {Method: MD},
mendeley-tags = {Method: MD},
number = {3},
pages = {1695--1697},
title = {{Canonical dynamics: Equilibrium phase-space distributions}},
volume = {31},
year = {1985}
}

@article{1992Martyna,
author = {Martyna, Glenn J. and Klein, Michael L. and Tuckerman, Mark},
doi = {10.1063/1.463940},
journal = {The Journal of Chemical Physics},
number = {4},
pages = {2635--2643},
title = {{Nos{\'{e}}-Hoover chains: The canonical ensemble via continuous dynamics}},
volume = {97},
year = {1992}
}

@article{1992Tuckerman,
author = {Tuckerman, M. and Berne, B. J. and Martyna, G. J.},
doi = {10.1063/1.463137},
journal = {The Journal of Chemical Physics},
number = {3},
pages = {1990--2001},
title = {{Reversible multiple time scale molecular dynamics}},
volume = {97},
year = {1992}
}

@article{Cho1993,
author = {Cho, K. and Joannopoulos, J. D. and Kleinman, Leonard},
doi = {10.1103/PhysRevE.47.3145},
file = {:Users/masataka/Documents/Mendeley Desktop/1993 - Cho, Joannopoulos, Kleinman - Physical Review E.pdf:pdf},
issn = {1063651X},
journal = {Physical Review E},
keywords = {0260Cb,0270Ns,number(s): 0520 Gg},
month = {may},
number = {5},
pages = {3145--3151},
publisher = {American Physical Society},
title = {{Constant-temperature molecular dynamics with momentum conservation}},
url = {https://journals.aps.org/pre/abstract/10.1103/PhysRevE.47.3145},
volume = {47},
year = {1993}
}


@article{1996Martyna,
author = {Martyna, Glenn J. and Tuckerman, Mark E. and Tobias, Douglas J. and Klein, Michael L.},
doi = {10.1080/00268979600100761},
journal = {Molecular Physics},
number = {5},
pages = {1117--1157},
title = {{Explicit reversible integrators for extended systems dynamics}},
volume = {87},
year = {1996}
}
