@article{Miller2002,
   author = {},
   title = {},
   journal = {},
   volume = {},
   number = {},
   pages = {},
   year = {},
   type = {Journal Article}
}
