@article{1981Karplus,
author = {Karplus, Martin and Kushick, Joseph N.},
doi = {10.1021/ma50003a019},
journal = {Macromolecules},
number = {2},
pages = {325--332},
title = {{Method for Estimating the Configurational Entropy of Macromolecules}},
volume = {14},
year = {1981}
}


@article{1991Kitao,
author = {Kitao, Akio and Hirata, Fumio and Gō, Nobuhiro and Go, Nobuhiro},
doi = {10.1016/0301-0104(91)87082-7},
journal = {Chemical Physics},
month = {dec},
number = {2-3},
pages = {447--472},
publisher = {North-Holland},
title = {{The effects of solvent on the conformation and the collective motions of protein: Normal mode analysis and molecular dynamics simulations of melittin in water and in vacuum}},
url = {https://linkinghub.elsevier.com/retrieve/pii/0301010491870827},
volume = {158},
year = {1991}
}


@article{1999Kitao,
author = {Kitao, Akio and Go, Nobuhiro},
doi = {10.1016/S0959-440X(99)80023-2},
journal = {Current Opinion in Structural Biology},
month = {apr},
number = {2},
pages = {164--169},
publisher = {Current Biology Ltd},
title = {{Investigating protein dynamics in collective coordinate space}},
url = {https://linkinghub.elsevier.com/retrieve/pii/S0959440X99800232},
volume = {9},
year = {1999}
}


@article{2001Kitao,
author = {北尾彰朗},
journal = {統計数理},
number = {1},
pages = {43--56},
title = {主成分分析を使って眺めたタンパク質のエネルギー地形},
volume = {49},
year = {2001}
}
