@article{Hawley1971,
author = {Hawley, S. A.},
doi = {10.1021/bi00789a002},
issn = {0006-2960},
journal = {Biochemistry},
month = {jun},
number = {13},
pages = {2436--2442},
pmid = {5557794},
title = {{Reversible pressure-temperature denaturation of chymotrypsinogen}},
url = {https://pubs.acs.org/doi/abs/10.1021/bi00789a002},
volume = {10},
year = {1971}
}
