@article{1992Tuckerman,
   author = {Tuckerman, M. and Berne, B. J. and Martyna, G. J.},
   title = {Reversible multiple time scale molecular dynamics},
   journal = {The Journal of Chemical Physics},
   volume = {97},
   number = {3},
   pages = {1990-2001},
   ISSN = {0021-9606
1089-7690},
   DOI = {10.1063/1.463137},
   year = {1992},
   type = {Journal Article}
}

@book{2000Okazaki,
   author = {岡崎進 and 吉井範行},
   title = {コンピュータ・シミュレーションの基礎 第2版 —分子のミクロな性質を解明するために—},
   publisher = {科学同人},
   year = {2000},
   type = {Book}
}

@book{2003Ueda,
   author = {上田顯},
   title = {分子シミュレーション — 古典系から量子系の手法まで — },
   publisher = {裳華房},
   year = {2003},
   type = {Book}
}

@article{2003Nose,
author = {能勢修一},
doi = {https://doi.org/10.11436/mssj1998.5.22_4},
journal = {アンサンブル},
number = {22},
pages = {4--12},
title = {{予測子・修正子(Gear)法について}},
url = {https://www.jstage.jst.go.jp/article/mssj1998/5/22/5{\_}22{\_}4/{\_}pdf/-char/ja},
volume = {5},
year = {2003}
}
