@article{1994Steinbach,
   author = {Steinbach, Peter J. and Brooks, Bernard R.},
   title = {New spherical-cutoff methods for long-range forces in macromolecular simulation},
   journal = {Journal of Computational Chemistry},
   volume = {15},
   number = {7},
   pages = {667-683},
   doi = {10.1002/jcc.540150702},
   url = {https://onlinelibrary.wiley.com/doi/abs/10.1002/jcc.540150702},
   eprint = {https://onlinelibrary.wiley.com/doi/pdf/10.1002/jcc.540150702},
   year = {1994}
}

@article{2013Sakaguchi,
   author = {Sakaguchi, Takeshi and Okumura, Hisashi},
   title = {Cutoff Effect in the Nosé–Poincaré and Nosé–Hoover Thermostats},
   journal = {Journal of the Physical Society of Japan},
   volume = {82},
   number = {3},
   ISSN = {0031-9015 1347-4073},
   DOI = {10.7566/jpsj.82.034001},
   year = {2013},
   type = {Journal Article}
}

