@article{1971Lee,
author = {Lee, B. and Richards, F. M.},
doi = {10.1016/0022-2836(71)90324-X},
issn = {00222836},
journal = {Journal of Molecular Biology},
month = {feb},
number = {3},
pages = {379--IN4},
pmid = {5551392},
publisher = {Academic Press},
title = {{The interpretation of protein structures: Estimation of static accessibility}},
volume = {55},
year = {1971}
}

@article{1970Nozaki,
author = {Nozaki, Y and Tanford, Charles},
file = {:Users/masataka/Documents/Mendeley Desktop/1970 - Nozaki, Tanford - The Journal of biological chemistry.pdf:pdf},
issn = {0021-9258},
journal = {The Journal of biological chemistry},
month = {apr},
number = {7},
pages = {1648--52},
pmid = {5438355},
title = {{The solubility of amino acids, diglycine, and triglycine in aqueous guanidine hydrochloride solutions.}},
url = {https://www.jbc.org/content/245/7/1648.long http://www.ncbi.nlm.nih.gov/pubmed/5438355},
volume = {245},
year = {1970}
}


@article{1983Kabsch,
author = {Kabsch, Wolfgang and Sander, Christian},
doi = {10.1002/bip.360221211},
edition = {1983/12/01},
isbn = {0006-3525 (Print) 0006-3525 (Linking)},
issn = {0006-3525},
journal = {Biopolymers},
keywords = {*Protein Conformation,*Proteins,Amino Acid Sequence,Hydrogen Bonding},
month = {dec},
number = {12},
pages = {2577--2637},
pmid = {6667333},
title = {{Dictionary of protein secondary structure: Pattern recognition of hydrogen-bonded and geometrical features}},
url = {https://www.ncbi.nlm.nih.gov/pubmed/6667333 http://doi.wiley.com/10.1002/bip.360221211},
volume = {22},
year = {1983}
}

@book{2010TohHiroyuki,
   author = {藤博幸},
   title = {タンパク質の立体構造入門 --基礎から構造バイオインフォマティックスへ--},
   publisher = {講談社},
   year = {2010},
   type = {Book}
}